<?xml version="1.0" encoding="UTF-8"?><collection xmlns="http://www.loc.gov/MARC21/slim"><record><leader>00632nam--2200241-u-4500</leader><controlfield tag="001">000050463</controlfield><controlfield tag="002">20161230</controlfield><controlfield tag="003">81858</controlfield><controlfield tag="005">20161230201048</controlfield><controlfield tag="008">070323s1000------------r-----000-0-eng-d</controlfield><datafield ind1=" " ind2=" " tag="020"><subfield code="a">0-387-98992-7</subfield></datafield><datafield ind1=" " ind2=" " tag="040"><subfield code="a">IFIN-HH</subfield></datafield><datafield ind1=" " ind2=" " tag="041"><subfield code="a">eng</subfield></datafield><datafield ind1="1" ind2=" " tag="100"><subfield code="a">Winfree,Arthur T</subfield></datafield><datafield ind1="1" ind2="0" tag="245"><subfield code="a">The Geometry of Biological Time</subfield></datafield><datafield ind1=" " ind2=" " tag="250"><subfield code="a">Second Edition</subfield></datafield><datafield ind1=" " ind2=" " tag="260"><subfield code="a">New York</subfield><subfield code="b">Springer</subfield><subfield code="c">2006</subfield></datafield><datafield ind1=" " ind2=" " tag="300"><subfield code="a">777p</subfield></datafield><datafield ind1=" " ind2=" " tag="490"><subfield code="a">Interdisciplinary Applied Mathematics</subfield><subfield code="v">Vol.12</subfield></datafield><datafield ind1=" " ind2=" " tag="504"><subfield code="a">Include Index With 336 Illustration</subfield></datafield><datafield ind1=" " ind2="4" tag="650"><subfield code="a">Energy Metabolism in Cells</subfield></datafield><datafield ind1=" " ind2=" " tag="852"><subfield code="a">81858</subfield></datafield><datafield ind1=" " ind2=" " tag="CAT"><subfield code="a">Sys</subfield><subfield code="c">20070323</subfield><subfield code="h">092040</subfield></datafield></record></collection>